

@article{escudero,
    author = {Escudero, Paola and Boersma, Paul and Rauber, Andreia and Bion, Ricardo},
    year = {2009},
    month = {10},
    pages = {1379-93},
    title = {{A cross-dialect acoustic description of vowels: Brazilian and European Portuguese}},
    volume = {126},
    journal = {The Journal of the Acoustical Society of America},
    doi = {10.1121/1.3180321}
}

@article{camara,
    author = {Câmara, J. M., Jr.},
    year = {1970},
    title = {{Estrutura da lingua Portuguesa (Structure of the Portuguese language)}},
    journal = {Vozes, Petropolis},
}

@article{barroso,
    author = {Barroso, H.},
    year = {1999},
    title = {{Forma e substância da express\~ao da lingua portuguesa (Form and substance of the Portuguese language expression)}},
    journal = {Almedina, Coimbra},
}

@article{moraes,
    author = {Moraes, J. A., Callou, D., and Leite, Y.},
    year = {1996},
    pages = {33-53},
    title = {{O sistéma vocálico do português do Brasil: caracteriç\~ao acústica. (The vocalic system of the Portuguese of Brazil: Acoustic characterization)}},
    journal = {M. Kato},
}

@INPROCEEDINGS{blancoo,
    author={Álvarez Blanco, Rosario},
    booktitle={Actes du XVIII Congrès International de Linguistique et Philologie Romanes (Univ. de Trier, 1986)},
    title={{O sistema fonolóxico do galego. Comparación co do Portugués (The Galician Phonological System. Comparison to the Portuguese.}},
    year={1991},
    volume={3},
    number={},
    pages={517-530},
}


@article{matos,
    author = {Matos, Francisco},
    year = {2011},
    month = {01},
    pages = {},
    title = {{Dicionário de Fonética e Fonologia (Phonetic and Phonological Dictionary)}},
    volume = {27},
    journal = {DELTA : Documentação de Estudos em Lingüística Teórica e Aplicada},
    doi = {10.1590/S0102-44502011000100012}
}

@book{delgado,
    author = {Delgado-Martins, M. R.},
    title = {{Fonética do português, trinta anos de investigaç\~ao (Portuguese Phonetics, 
    thirty years of research)}},
    date = {2002},
}

@article{figueiroa,
    author = {Vidal Figueiroa, Tiago},
    year = {1997},
    pages = {313-332},
    title = {Estructuras fonéticas de tres dialectos de Vigo (Phonetic structures of three dialects from Vigo)},
    volume = {24},
    journal = {Verba. Anuario Galego de Filoloxía},
}

@INPROCEEDINGS{regueira,
    author={Regueira, Xosé Luis},
    booktitle={Actas do VII Congreso Internacional de EStudos Galegos. Mulleres en Galicia. Galicia e outros pobos da Península.},
    title={{Vocais finais en galego e en portugués: un estudio acústico (Final vowels in Galician and Portuguese: an acoustic study).}},
    year={2003},
    month={5},
    volume={3},
    journal = {Asociación Internacional de Estudos Galegos},
}


@book{mateus,
    title={{Fon{\'e}tica e fonologia do portugu{\^e}s (Phonetics and Phonology of Portuguese)}},
    author={Mateus, M.H.M. and Fal{\'e}, I. and Freitas, M.J.},
    isbn={9789726744528},
    series={Textos de base},
    url={https://books.google.de/books?id=ONS4GAAACAAJ},
    year={2005},
    publisher={Universidade Aberta}
}

@article{dubert,
    author = {Dubert García, Francisco},
    year = {1999},
    pages = {129-132},
    title = {{Aspectos do galego de Santiago de Compostela (Aspects of the Galician from Santiago de Compostela)}},
    volume = {44},
    journal = {Verba. Anuario Galego de Filoloxía},
}

@misc{ige,
    title = {{IGE: Instituto Galego de Estatística (IGE): Statistical Institute of Galicia)}},
    howpublished = {\url{https://www.ige.eu/web/index.jsp?idioma=gl}},
    note = {Accessed: 2020-03-03}
}

@misc{persoas,
    title = {{IGE: Instituto Galego de Estatística. Persoas segundo a lingua na que se desenvolven mellor actualmente para falar por lingua na que aprenderon a falar. ({IGE}: Statistical Institute of Galicia. Population whose mothertongue and best-knowledge language is Galician.)}},
    howpublished = {\url{http://www.ige.eu/igebdt/esqv.jsp?ruta=verTabla.jsp?OP=1&B=1&M=&COD=3211&R=0[0];1[0]&C=2[1];3[2018]&F=&S=998:12&SCF=}},
    note = {Accessed: 2020-03-03}
}

@article{BORGES2000,
    title = {{Fonética e fonologia do português: roteiro de estudos e guia de exercícios}},
    journal = {{DELTA: Documentação de Estudos em Lingüística Teórica e Aplicada}},
    author={Borges, Mônica Veloso},
    ISSN = {0102-4450},
    language = {pt},
    URL = {http://www.scielo.br/scielo.php?script=sci_arttext&pid=S0102-44502000000100011&nrm=iso},
    volume = {16},
    year = {2000},
    month = {00},
    pages = {183 - 188},
    publisher = {scielo},
    crossref = {10.1590/S0102-44502000000100011},
}

@book{mateus2000phonology,
    title={{The Phonology of Portuguese}},
    author={Mateus, M.H. and d'Andrade, E.},
    isbn={9780191590504},
    url={https://books.google.de/books?id=Onr9OFylajYC},
    year={2000},
    publisher={Oxford University Press}
}

@misc{Boersma2009,
    added-at = {2009-10-10T00:08:43.000+0200},
    author = {Boersma, Paul and Weenink, David},
    biburl = {https://www.bibsonomy.org/bibtex/232367795348acf2f7ca08c2bccf47c28/lran022},
    interhash = {aa077a0d2d1779b7712a998e30e6f989},
    intrahash = {32367795348acf2f7ca08c2bccf47c28},
    keywords = {imported},
    timestamp = {2009-10-10T00:08:47.000+0200},
    title = {Praat: doing phonetics by computer (Version 5.1.13)},
    url = {http://www.praat.org},
    year = 2009
}

@misc{dicionario,
    title = {{Infopédia}: Dicionários Porto Editora},
    howpublished = {\url{https://www.infopedia.pt/dicionarios/lingua-portuguesa}},
    note = {Accessed: 2020-14-03}
}

@book{childers1978modern,
    title={Modern Spectrum Analysis},
    author={Childers, D.G.},
    lccn={78055097},
    series={IEEE Press selected reprint series},
    url={https://books.google.de/books?id=K74YAQAAIAAJ},
    year={1978},
    pages = {252 - 255},
    publisher={IEEE Press : sole worldwide distributor (exclusive of IEEE), Wiley}
}

@inproceedings{boersma1993accurate,
    title={Accurate short-term analysis of the fundamental frequency and the harmonics-to-noise ratio of a sampled sound},
    author={Boersma, Paul},
    booktitle={Proceedings of the institute of phonetic sciences},
    volume={17},
    number={1193},
    pages={97--110},
    year={1993},
    organization={Amsterdam}
}

@article{pottersteinberg,
    author = {Potter,R. K.  and Steinberg,J. C. },
    title = {Toward the Specification of Speech},
    journal = {The Journal of the Acoustical Society of America},
    volume = {22},
    number = {6},
    pages = {807-820},
    year = {1950},
    doi = {10.1121/1.1906694}
}

@inbook{johnoson,
    author = {Johnson, Keith},
    year = {2008},
    month = {01},
    pages = {363 - 389},
    title = {Speaker Normalization in Speech Perception},
    isbn = {9780470757024},
    journal = {The Handbook of Speech Perception},
    doi = {10.1002/9780470757024.ch15}
}

@misc{ratio,
    title = {The variance of F1/F2 ratio within and across different vowel types},
    howpublished = {http://www.teachers-lab.ru/newlab/dasi\_project.html},
    note = {Accessed: 2020-14-03}
}

